<?xml version="1.0" encoding="UTF-8"?><record xmlns="http://www.loc.gov/MARC21/slim" xmlns:cinclude="http://apache.org/cocoon/include/1.0" xmlns:zs="http://www.loc.gov/zing/srw/">
  <leader>00440nz  a2200133n  4500</leader>
  <controlfield tag="001">n  98091688 </controlfield>
  <controlfield tag="003">DLC</controlfield>
  <controlfield tag="005">19981013114919.3</controlfield>
  <controlfield tag="008">981013n| acannaab|          |a aaa |||  </controlfield>
  <datafield tag="010" ind1=" " ind2=" ">
    <subfield code="a">n  98091688 </subfield>
  </datafield>
  <datafield tag="040" ind1=" " ind2=" ">
    <subfield code="a">DLC</subfield>
    <subfield code="c">DLC</subfield>
  </datafield>
  <datafield tag="100" ind1="1" ind2="0">
    <subfield code="a">Nguyễn, Đăng Thiệp</subfield>
  </datafield>
  <datafield tag="400" ind1="0" ind2="0">
    <subfield code="a">Nguyễn Đăng Thiệp</subfield>
  </datafield>
  <datafield tag="670" ind1=" " ind2=" ">
    <subfield code="a">Lịch sử ngành kỹ thuật Quân đoàn 2, 1974-1975, 1997:</subfield>
    <subfield code="b">verso t.p. (Thượng tá Nguyễn Đăng Thiệp)</subfield>
  </datafield>
</record>